

@article{NEC:ItaNak83,
  address =       {Tokyo},
  author =        {Itakura, Kazuharu and Nakamura, Katsuhiro},
  journal =       {NEC Research \& Development},
  number =        {71},
  pages =         {1--8},
  publisher =     {NEC Creative},
  title =         {A public-key cryptosystem suitable for digital
                   multisignatures},
  year =          {1983},
}

@inproceedings{CCS:MicOhtRey01,
  address =       {Philadelphia, PA, USA},
  author =        {Silvio Micali and Kazuo Ohta and Leonid Reyzin},
  booktitle =     {ACM CCS 2001: 8th Conference on Computer and
                   Communications Security},
  editor =        {Michael K. Reiter and Pierangela Samarati},
  month =         nov # {~5--8,},
  pages =         {245--254},
  publisher =     {{ACM} Press},
  title =         {Accountable-Subgroup Multisignatures: Extended
                   Abstract},
  year =          {2001},
  doi =           {10.1145/501983.502017},
}

@inproceedings{EC:BGLS03,
  address =       {Warsaw, Poland},
  author =        {Dan Boneh and Craig Gentry and Ben Lynn and
                   Hovav Shacham},
  booktitle =     {Advances in Cryptology -- {EUROCRYPT}~2003},
  editor =        {Eli Biham},
  month =         may # {~4--8,},
  pages =         {416--432},
  publisher =     {Springer, Heidelberg, Germany},
  series =        {Lecture Notes in Computer Science},
  title =         {Aggregate and Verifiably Encrypted Signatures from
                   Bilinear Maps},
  volume =        {2656},
  year =          {2003},
  doi =           {10.1007/3-540-39200-9_26},
}

@inproceedings{AC:BonLynSha01,
  address =       {Gold Coast, Australia},
  author =        {Dan Boneh and Ben Lynn and Hovav Shacham},
  booktitle =     {Advances in Cryptology -- {ASIACRYPT}~2001},
  editor =        {Colin Boyd},
  month =         dec # {~9--13,},
  pages =         {514--532},
  publisher =     {Springer, Heidelberg, Germany},
  series =        {Lecture Notes in Computer Science},
  title =         {Short Signatures from the {Weil} Pairing},
  volume =        {2248},
  year =          {2001},
  doi =           {10.1007/3-540-45682-1_30},
}

@inproceedings{Shor94,
  author =        {Shor, Peter W},
  booktitle =     {Proceedings 35th annual symposium on foundations of
                   computer science},
  organization =  {Ieee},
  pages =         {124--134},
  title =         {Algorithms for quantum computation: discrete
                   logarithms and factoring},
  year =          {1994},
}

@inproceedings{CANS:ElBStu16,
  address =       {Milan, Italy},
  author =        {Rachid {El Bansarkhani} and Jan Sturm},
  booktitle =     {CANS 16: 15th International Conference on Cryptology
                   and Network Security},
  editor =        {Sara Foresti and Giuseppe Persiano},
  month =         nov # {~14--16,},
  pages =         {140--155},
  publisher =     {Springer, Heidelberg, Germany},
  series =        {Lecture Notes in Computer Science},
  title =         {An Efficient Lattice-Based Multisignature Scheme with
                   Applications to Bitcoins},
  volume =        {10052},
  year =          {2016},
  doi =           {10.1007/978-3-319-48965-0_9},
}

@inproceedings{FukHas19,
  address =       {Auckland, New Zealand},
  author =        {Masayuki Fukumitsu and Shingo Hasegawa},
  booktitle =     {6th ASIA Public-Key Cryptography Workshop},
  pages =         {3â€“11},
  publisher =     {Association for Computing Machinery},
  title =         {A Tightly-Secure Lattice-Based Multisignature},
  year =          {2019},
  doi =           {10.1145/3327958.3329542},
  isbn =          {978-145-03-6784-4},
}

@article{MaJia19,
  author =        {Changshe Ma and Mei Jiang},
  journal =       {IEEE Access},
  pages =         {179765--179778},
  title =         {Practical Lattice-Based Multisignature Schemes for
                   Blockchains},
  volume =        {7},
  year =          {2019},
  doi =           {10.1109/ACCESS.2019.2958816},
}

@inproceedings{PenDu20,
  address =       {Taiyuan, China},
  author =        {Chunyan Peng and Xiujuan Du},
  booktitle =     {6th International Conference of Pioneering Computer
                   Scientists, Engineers and Educators},
  month =         sep,
  pages =         {129--137},
  publisher =     {Springer, Heidelberg, Germany},
  series =        {CCIS},
  title =         {New Lattice-Based Digital Multi-signature Scheme},
  volume =        {1258},
  year =          {2020},
  doi =           {10.1007/978-981-15-7984-4_10},
  isbn =          {978-981-15-7984-4},
}

@inproceedings{AFRICACRYPT:KanDut20,
  address =       {Cairo, Egypt},
  author =        {Meenakshi Kansal and Ratna Dutta},
  booktitle =     {AFRICACRYPT 20: 12th International Conference on
                   Cryptology in Africa},
  editor =        {Abderrahmane Nitaj and Amr M. Youssef},
  month =         jul # {~20--22,},
  pages =         {281--300},
  publisher =     {Springer, Heidelberg, Germany},
  series =        {Lecture Notes in Computer Science},
  title =         {Round Optimal Secure Multisignature Schemes from
                   Lattice with Public Key Aggregation and Signature
                   Compression},
  volume =        {12174},
  year =          {2020},
  doi =           {10.1007/978-3-030-51938-4_14},
}

@inproceedings{PROVSEC:FukHas20,
  address =       {Singapore},
  author =        {Masayuki Fukumitsu and Shingo Hasegawa},
  booktitle =     {ProvSec 2020: 14th International Conference on
                   Provable Security},
  editor =        {Khoa Nguyen and Wenling Wu and Kwok-Yan Lam and
                   Huaxiong Wang},
  month =         nov # {~29~--~} # dec # {~1,},
  pages =         {45--64},
  publisher =     {Springer, Heidelberg, Germany},
  series =        {Lecture Notes in Computer Science},
  title =         {A Lattice-Based Provably Secure Multisignature Scheme
                   in Quantum Random Oracle Model},
  volume =        {12505},
  year =          {2020},
  doi =           {10.1007/978-3-030-62576-4_3},
}

@inproceedings{PKC:DOTT21,
  address =       {Virtual Event},
  author =        {Ivan Damg{\r a}rd and Claudio Orlandi and
                   Akira Takahashi and Mehdi Tibouchi},
  booktitle =     {PKC~2021: 24th International Conference on Theory and
                   Practice of Public Key Cryptography, Part~I},
  editor =        {Juan Garay},
  month =         may # {~10--13,},
  pages =         {99--130},
  publisher =     {Springer, Heidelberg, Germany},
  series =        {Lecture Notes in Computer Science},
  title =         {Two-Round n-out-of-n and Multi-signatures and
                   Trapdoor Commitment from Lattices},
  volume =        {12710},
  year =          {2021},
  doi =           {10.1007/978-3-030-75245-3_5},
}

@inproceedings{C:BosTakTib22,
  address =       {Santa Barbara, CA, USA},
  author =        {Cecilia Boschini and Akira Takahashi and
                   Mehdi Tibouchi},
  booktitle =     {Advances in Cryptology -- {CRYPTO}~2022, Part~II},
  editor =        {Yevgeniy Dodis and Thomas Shrimpton},
  month =         aug # {~15--18,},
  pages =         {276--305},
  publisher =     {Springer, Heidelberg, Germany},
  series =        {Lecture Notes in Computer Science},
  title =         {{MuSig}-{L}: Lattice-Based Multi-signature with
                   Single-Round Online Phase},
  volume =        {13508},
  year =          {2022},
  doi =           {10.1007/978-3-031-15979-4_10},
}

@inproceedings{CCS:FleSimZha22,
  address =       {Los Angeles, CA, USA},
  author =        {Nils Fleischhacker and Mark Simkin and Zhenfei Zhang},
  booktitle =     {ACM CCS 2022: 29th Conference on Computer and
                   Communications Security},
  editor =        {Heng Yin and Angelos Stavrou and Cas Cremers and
                   Elaine Shi},
  month =         nov # {~7--11,},
  pages =         {1109--1123},
  publisher =     {{ACM} Press},
  title =         {Squirrel: Efficient Synchronized Multi-Signatures
                   from Lattices},
  year =          {2022},
  doi =           {10.1145/3548606.3560655},
}

@misc{EPRINT:LiuTseTso20b,
  author =        {Zi-Yuan Liu and Yi-Fan Tseng and Raylin Tso},
  howpublished =  {Cryptology ePrint Archive, Report 2020/1172},
  note =          {\url{https://eprint.iacr.org/2020/1172}},
  title =         {Cryptanalysis of a round optimal lattice-based
                   multisignature scheme},
  year =          {2020},
}

@inproceedings{PKC:GenRam06,
  address =       {New York, NY, USA},
  author =        {Craig Gentry and Zulfikar Ramzan},
  booktitle =     {PKC~2006: 9th International Conference on Theory and
                   Practice of Public Key Cryptography},
  editor =        {Moti Yung and Yevgeniy Dodis and Aggelos Kiayias and
                   Tal Malkin},
  month =         apr # {~24--26,},
  pages =         {257--273},
  publisher =     {Springer, Heidelberg, Germany},
  series =        {Lecture Notes in Computer Science},
  title =         {Identity-Based Aggregate Signatures},
  volume =        {3958},
  year =          {2006},
  doi =           {10.1007/11745853_17},
}

@inproceedings{CCS:AhnGreHoh10,
  address =       {Chicago, Illinois, USA},
  author =        {Jae Hyun Ahn and Matthew Green and Susan Hohenberger},
  booktitle =     {ACM CCS 2010: 17th Conference on Computer and
                   Communications Security},
  editor =        {Ehab {Al-Shaer} and Angelos D. Keromytis and
                   Vitaly Shmatikov},
  month =         oct # {~4--8,},
  pages =         {473--484},
  publisher =     {{ACM} Press},
  title =         {Synchronized aggregate signatures: new definitions,
                   constructions and applications},
  year =          {2010},
  doi =           {10.1145/1866307.1866360},
}

@inproceedings{EC:HohWat18,
  address =       {Tel Aviv, Israel},
  author =        {Susan Hohenberger and Brent Waters},
  booktitle =     {Advances in Cryptology -- {EUROCRYPT}~2018, Part~II},
  editor =        {Jesper Buus Nielsen and Vincent Rijmen},
  month =         apr # {~29~--~} # may # {~3,},
  pages =         {197--229},
  publisher =     {Springer, Heidelberg, Germany},
  series =        {Lecture Notes in Computer Science},
  title =         {Synchronized Aggregate Signatures from the {RSA}
                   Assumption},
  volume =        {10821},
  year =          {2018},
  doi =           {10.1007/978-3-319-78375-8_7},
}

@inproceedings{USENIX:DGNW20,
  address =       {},
  author =        {Manu Drijvers and Sergey Gorbunov and Gregory Neven and
                   Hoeteck Wee},
  booktitle =     {USENIX Security 2020: 29th {USENIX} Security
                   Symposium},
  editor =        {Srdjan Capkun and Franziska Roesner},
  month =         aug # {~12--14,},
  pages =         {2093--2110},
  publisher =     {{USENIX} Association},
  title =         {Pixel: Multi-signatures for Consensus},
  year =          {2020},
}

@misc{BonKim2020,
  author =        {Dan Boneh and Sam Kim},
  howpublished =      {\url{https://crypto.stanford.edu/~skim13/agg_ots.pdf}},
  title =         {One-Time and Interactive Aggregate Signatures from
                   Lattices},
  year =          {2020},
}

@inproceedings{TCC:LyuMic08,
  address =       {San Francisco, CA, USA},
  author =        {Vadim Lyubashevsky and Daniele Micciancio},
  booktitle =     {TCC~2008: 5th Theory of Cryptography Conference},
  editor =        {Ran Canetti},
  month =         mar # {~19--21,},
  pages =         {37--54},
  publisher =     {Springer, Heidelberg, Germany},
  series =        {Lecture Notes in Computer Science},
  title =         {Asymptotically Efficient Lattice-Based Digital
                   Signatures},
  volume =        {4948},
  year =          {2008},
  doi =           {10.1007/978-3-540-78524-8_3},
}

@inproceedings{ICALP:Ajtai99,
  address =       {Prague, Czech Republic},
  author =        {Mikl{\'o}s Ajtai},
  booktitle =     {ICALP 99: 26th International Colloquium on Automata,
                   Languages and Programming},
  editor =        {Jir{\'i} Wiedermann and Peter {van Emde Boas} and
                   Mogens Nielsen},
  month =         jul # {~11--15,},
  pages =         {1--9},
  publisher =     {Springer, Heidelberg, Germany},
  series =        {Lecture Notes in Computer Science},
  title =         {Generating Hard Instances of the Short Basis Problem},
  volume =        {1644},
  year =          {1999},
  doi =           {10.1007/3-540-48523-6_1},
}

@article{Mic07,
  author =        {Daniele Micciancio},
  journal =       {{computatinal complexity}},
  month =         dec,
  number =        {4},
  pages =         {365--411},
  publisher =     {Birkh{\"a}user Verlag},
  title =         {Generalized Compact Knapsacks, Cyclic Lattices, and
                   Efficient One-Way Functions},
  volume =        {16},
  year =          {2007},
  doi =           {10.1007/s00037-007-0234-9},
  issn =          {1016-3328},
}

@inproceedings{McDiarmid89,
  address =       {Norwich, UK},
  author =        {Colin McDiarmid},
  booktitle =     {Surveys in Combinatorics, 1989: Invited Papers at the
                   Twelfth British Combinatorial Conference},
  editor =        {Johannes Siemons},
  month =         jul # {~3--7},
  pages =         {148--188},
  publisher =     {Cambridge University Press},
  series =        {London Mathematical Society Lecture Note Series},
  title =         {On the Method of Bounded Differences},
  volume =        {141},
  year =          {1989},
  doi =           {10.1017/CBO9781107359949.008},
}

@misc{fullversion,
  author =        {Nils Fleischhacker and Gottfried Herold and
                   Mark Simkin and Zhenfei Zhang},
  howpublished =  {Cryptology ePrint Archive},
  note =          {\url{https://eprint.iacr.org/}},
  title =         {Chipmunk: Better Synchronized Multi-Signatures from
                   Lattices},
  year =          {2023},
}

@inproceedings{USENIX:ADPS16,
  address =       {Austin, TX, USA},
  author =        {Erdem Alkim and L{\'e}o Ducas and
                   Thomas P{\"o}ppelmann and Peter Schwabe},
  booktitle =     {USENIX Security 2016: 25th {USENIX} Security
                   Symposium},
  editor =        {Thorsten Holz and Stefan Savage},
  month =         aug # {~10--12,},
  pages =         {327--343},
  publisher =     {{USENIX} Association},
  title =         {Post-quantum Key Exchange - {A} New Hope},
  year =          {2016},
}

@article{DBLP:journals/jmc/AlbrechtPS15,
  author =        {Martin R. Albrecht and Rachel Player and Sam Scott},
  journal =       {J. Math. Cryptol.},
  number =        {3},
  pages =         {169--203},
  title =         {On the concrete hardness of Learning with Errors},
  volume =        {9},
  year =          {2015},
  biburl =        {https://dblp.org/rec/journals/jmc/AlbrechtPS15.bib},
  bibsource =     {dblp computer science bibliography, https://dblp.org},
  timestamp =     {Thu, 13 Aug 2020 12:42:23 +0200},
  url =           {http://www.degruyter.com/view/j/jmc.2015.9.issue-3/jmc-2015-
                  0016/jmc-2015-0016.xml},
}

