@InProceedings{McDiarmid89,
  author =       "Colin McDiarmid",
  title =        "On the Method of Bounded Differences",
  pages =        "148--188",
  editor =       "Johannes Siemons",
  booktitle =    "Surveys in Combinatorics, 1989: Invited Papers at the Twelfth British Combinatorial Conference",
  volume =       141,
  address =      "Norwich, UK",
  month =        jul # "~3--7",
  publisher =    "Cambridge University Press",
  series =       "London Mathematical Society Lecture Note Series",
  year =         1989,
  doi =          "10.1017/CBO9781107359949.008",
}
